@INPROCEEDINGS{RMB+10,
	author = {Rohrdantz, Christian and Mayer, Thomas and Butt, Miriam and Plank, Frans and Keim, Daniel A.},
	booktitle = {Proceedings of the International Symposium on Visual Analytics Science and Technology (EuroVAST 2010). The DEFINITIVE VERSION is available at diglib.eg.org.},
	editor = {Kohlhammer, Joern and Keim, Daniel A.},
	pages = {27-32},
	title = {{Comparative visual analysis of cross-linguistic features}},
	year = {2010},
}

